@article{aaronson2018industry,
	title={Industry dynamics and the minimum wage: a putty-clay approach},
	author={Aaronson, Daniel and French, Eric and Sorkin, Isaac and To, Ted},
	journal={International Economic Review},
	volume={59},
	number={1},
	pages={51--84},
	year={2018},
	publisher={Wiley Online Library}
}

@article{aaronson2008minimum,
	title={The minimum wage, restaurant prices, and labor market structure},
	author={Aaronson, Daniel and French, Eric and MacDonald, James},
	journal={Journal of Human Resources},
	volume={43},
	number={3},
	pages={688--720},
	year={2008},
	publisher={University of Wisconsin Press}
}

@article{aaronson2007explaining,
	title={Explaining the decline in teen labor force participation},
	author={Aaronson, Daniel and Park, Kyung-Hong and Sullivan, Daniel and others},
	journal={Chicago Fed Letter},
	volume={235},
	year={2007},
	publisher={Federal Reserve Bank of Chicago Chicago}
}

@article{aaronson2001price,
	title={Price pass-through and the minimum wage},
	author={Aaronson, Daniel},
	journal={Review of Economics and statistics},
	volume={83},
	number={1},
	pages={158--169},
	year={2001},
	publisher={MIT Press}
}

@techreport{abowd1997minimum,
	title={Minimum wages and youth employment in France and the United States},
	author={Abowd, John M and Kramarz, Francis and Lemieux, Thomas and Margolis, David N},
	year={1997},
	institution={National Bureau of Economic Research}
}

@article{allegretto2017credible,
	title={Credible research designs for minimum wage studies: A response to Neumark, Salas, and Wascher},
	author={Allegretto, Sylvia and Dube, Arindrajit and Reich, Michael and Zipperer, Ben},
	journal={ILR Review},
	volume={70},
	number={3},
	pages={559--592},
	year={2017},
	publisher={SAGE Publications Sage CA: Los Angeles, CA}
}

@article{allegretto2011minimum,
  title={Do minimum wages really reduce teen employment? Accounting for heterogeneity and selectivity in state panel data},
  author={Allegretto, Sylvia A and Dube, Arindrajit and Reich, Michael},
  journal={Industrial Relations: A Journal of Economy and Society},
  volume={50},
  number={2},
  pages={205--240},
  year={2011},
  publisher={Wiley Online Library}
}

@article{barattieri2014some,
	title={Some evidence on the importance of sticky wages},
	author={Barattieri, Alessandro and Basu, Susanto and Gottschalk, Peter},
	journal={American Economic Journal: Macroeconomics},
	volume={6},
	number={1},
	pages={70--101},
	year={2014}
}

@article{basker2016does,
	title={Does the minimum wage bite into fast-food prices?},
	author={Basker, Emek and Khan, Muhammad Taimur},
	journal={Journal of Labor Research},
	volume={37},
	number={2},
	pages={129--148},
	year={2016},
	publisher={Springer}
}

@article{baughman2012labor,
	title={Labor mobility of the direct care workforce: Implications for the provision of long-term care},
	author={Baughman, Reagan A and Smith, Kristin E},
	journal={Health economics},
	volume={21},
	number={12},
	pages={1402--1415},
	year={2012},
	publisher={Wiley Online Library}
}

@article{bell2018minimum,
	title={Minimum wages and firm value},
	author={Bell, Brian and Machin, Stephen},
	journal={Journal of Labor Economics},
	volume={36},
	number={1},
	pages={159--195},
	year={2018},
	publisher={University of Chicago Press Chicago, IL}
}

@article{bloom2009impact,
	title={The impact of uncertainty shocks},
	author={Bloom, Nicholas},
	journal={econometrica},
	volume={77},
	number={3},
	pages={623--685},
	year={2009},
	publisher={Wiley Online Library}
}

@article{brochu2013impact,
	title={The impact of minimum wages on labour market transitions},
	author={Brochu, Pierre and Green, David A},
	journal={The Economic Journal},
	volume={123},
	number={573},
	pages={1203--1235},
	year={2013},
	publisher={Oxford University Press Oxford, UK}
}

@book{burdett1989equilibrium,
	title={Equilibrium wage differentials and employer size},
	author={Burdett, Kenneth and Mortensen, Dale T and others},
	year={1989},
	publisher={Northwestern Univ.}
}

@article{burdett1998wage,
	title={Wage differentials, employer size, and unemployment},
	author={Burdett, Kenneth and Mortensen, Dale T},
	journal={International Economic Review},
	pages={257--273},
	year={1998},
	publisher={JSTOR}
}

@book{card2015myth,
	title={Myth and Measurement: The New Economics of the Minimum Wage-Twentieth-Anniversary Edition},
	author={Card, David and Krueger, Alan B},
	year={2015},
	publisher={Princeton University Press}
}

@techreport{card1993minimum,
	title={Minimum wages and employment: A case study of the fast food industry in New Jersey and Pennsylvania},
	author={Card, David and Krueger, Alan B},
	year={1993},
	institution={National Bureau of Economic Research}
}

@article{card1992using,
	title={Using regional variation in wages to measure the effects of the federal minimum wage},
	author={Card, David},
	journal={ILR Review},
	volume={46},
	number={1},
	pages={22--37},
	year={1992},
	publisher={SAGE Publications Sage CA: Los Angeles, CA}
}

@article{card1992minimum,
	title={Do minimum wages reduce employment? A case study of California, 1987--89},
	author={Card, David},
	journal={ILR Review},
	volume={46},
	number={1},
	pages={38--54},
	year={1992},
	publisher={SAGE Publications Sage CA: Los Angeles, CA}
}

@article{chetty2008moral,
	title={Moral hazard versus liquidity and optimal unemployment insurance},
	author={Chetty, Raj},
	journal={Journal of political Economy},
	volume={116},
	number={2},
	pages={173--234},
	year={2008},
	publisher={The University of Chicago Press}
}

@article{clemens2019minimum,
	title={The minimum wage and the Great Recession: Evidence of effects on the employment and income trajectories of low-skilled workers},
	author={Clemens, Jeffrey and Wither, Michael},
	journal={Journal of Public Economics},
	year={2019},
	publisher={Elsevier}
}

@techreport{currie1993minimum,
	title={The minimum wage and the employment of youth: Evidence from the NLSY},
	author={Currie, Janet and Fallick, Bruce},
	year={1993},
	institution={National Bureau of Economic Research}
}

@article{draca2011minimum,
	title={Minimum wages and firm profitability},
	author={Draca, Mirko and Machin, Stephen and Van Reenen, John},
	journal={American economic journal: applied economics},
	volume={3},
	number={1},
	pages={129--51},
	year={2011}
}

@article{dube2016minimum,
	title={Minimum wage shocks, employment flows, and labor market frictions},
	author={Dube, Arindrajit and Lester, T William and Reich, Michael},
	journal={Journal of Labor Economics},
	volume={34},
	number={3},
	pages={663--704},
	year={2016},
	publisher={University of Chicago Press Chicago, IL}
}

@article{dube2015pooling,
	title={Pooling multiple case studies using synthetic controls: An application to minimum wage policies},
	author={Dube, Arindrajit and Zipperer, Ben},
	year={2015},
	publisher={IZA Discussion Paper}
}

@article{dube2010minimum,
	title={Minimum wage effects across State borders: Estimates using contiguous counties},
	author={Dube, Arindrajit and Lester, T. William and Reich, Michael},
	journal={The Review of Economics and Statistics},
	volume={92},
	number={4},
	pages={945--964},
	year={2010},
	publisher={MIT Press}
}

@article{dube2007economic,
	title={The economic effects of a citywide minimum wage},
	author={Dube, Arindrajit and Naidu, Suresh and Reich, Michael},
	journal={ILR Review},
	volume={60},
	number={4},
	pages={522--543},
	year={2007},
	publisher={SAGE Publications Sage CA: Los Angeles, CA}
}

@article{fairris2005impact,
	title={The impact of living wages on employers: A control group analysis of the Los Angeles ordinance},
	author={Fairris, David},
	journal={Industrial Relations: A Journal of Economy and Society},
	volume={44},
	number={1},
	pages={84--105},
	year={2005},
	publisher={Wiley Online Library}
}

@article{giuliano2013minimum,
	title={Minimum wage effects on employment, substitution, and the teenage labor supply: Evidence from personnel data},
	author={Giuliano, Laura},
	journal={Journal of Labor Economics},
	volume={31},
	number={1},
	pages={155--194},
	year={2013},
	publisher={University of Chicago Press Chicago, IL}
}

@article{harasztosi2015pays,
	title={Who Pays for the minimum Wage?},
	author={Harasztosi, P{\'e}ter and Lindner, Attila},
	journal={UC Berkeley},
	year={2015}
}

@article{howes2005living,
	title={Living wages and retention of homecare workers in San Francisco},
	author={Howes, Candace},
	journal={Industrial Relations: A Journal of Economy and Society},
	volume={44},
	number={1},
	pages={139--163},
	year={2005},
	publisher={Wiley Online Library}
}

@article{katz1992effect,
	title={The effect of the minimum wage on the fast-food industry},
	author={Katz, Lawrence F and Krueger, Alan B},
	journal={ILR Review},
	volume={46},
	number={1},
	pages={6--21},
	year={1992},
	publisher={SAGE Publications Sage CA: Los Angeles, CA}
}

@article{leduc2016uncertainty,
	title={Uncertainty shocks are aggregate demand shocks},
	author={Leduc, Sylvain and Liu, Zheng},
	journal={Journal of Monetary Economics},
	volume={82},
	pages={20--35},
	year={2016},
	publisher={Elsevier}
}

@article{medalia2019linking,
	title={Linking survey and administrative data to measure income, inequality, and mobility},
	author={Medalia, Carla and Meyer, Bruce D and O'Hara, Amy B and Wu, Derek},
	journal={International Journal of Population Data Science},
	volume={4},
	number={1},
	year={2019}
}

@article{meer2016effects,
	title={Effects of the minimum wage on employment dynamics},
	author={Meer, Jonathan and West, Jeremy},
	journal={Journal of Human Resources},
	volume={51},
	number={2},
	pages={500--522},
	year={2016},
	publisher={University of Wisconsin Press}
}

@misc{meyer1988unemployment,
	title={Unemployment insurance and unemployment spells},
	author={Meyer, Bruce D},
	year={1988},
	publisher={National Bureau of Economic Research Cambridge, Mass., USA}
}

@article{neumark2018employment,
	title={Employment effects of minimum wages},
	author={Neumark, David},
	journal={IZA World of Labor},
	year={2018}
}

@article{neumark2015effects,
	title={The effects of minimum wages on employment},
	author={Neumark, David and Wascher, William},
	journal={FRBSF Economic Letter},
	volume={37},
	pages={2015},
	year={2015},
	publisher={Federal Reserve Bank of San Francisco}
}

@article{neumark2014revisiting,
	title={Revisiting the Minimum Wage—Employment Debate: Throwing Out the Baby with the Bathwater?},
	author={Neumark, David and Salas, JM Ian and Wascher, William},
	journal={ILR Review},
	volume={67},
	number={3\_suppl},
	pages={608--648},
	year={2014},
	publisher={SAGE Publications Sage CA: Los Angeles, CA}
}

@book{neumark2008minimum,
	title={Minimum wages},
	author={Neumark, David and Wascher, William L},
	year={2008},
	publisher={MIT press}
}

@article{neumark2007minlongrun,
	title={Minimum wages and employment},
	author={Neumark, David and Wascher, William L and others},
	journal={Foundations and Trends{\textregistered} in Microeconomics},
	volume={3},
	number={1--2},
	pages={1--182},
	year={2007},
	publisher={Now Publishers, Inc.}
}

@article{neumark2007minimum,
	title={Minimum wage effects in the longer run},
	author={Neumark, David and Nizalova, Olena},
	journal={Journal of Human resources},
	volume={42},
	number={2},
	pages={435--452},
	year={2007},
	publisher={University of Wisconsin Press}
}

@article{neumark2004minimum,
	title={Minimum wage effects throughout the wage distribution},
	author={Neumark, David and Schweitzer, Mark and Wascher, William},
	journal={Journal of Human Resources},
	volume={39},
	number={2},
	pages={425--450},
	year={2004},
	publisher={University of Wisconsin Press}
}

@techreport{neumark1995effects,
	title={The effects of minimum wages on teenage employment and enrollment: Evidence from matched CPS surveys},
	author={Neumark, David and Wascher, William},
	year={1995},
	institution={National Bureau of Economic Research}
}

@article{pedace2011impact,
	title={The impact of minimum wages on unemployment duration: Estimating the effects using the Displaced Worker Survey},
	author={Pedace, Roberto and Rohn, Stephanie},
	journal={Industrial Relations: A Journal of Economy and Society},
	volume={50},
	number={1},
	pages={57--75},
	year={2011},
	publisher={Wiley Online Library}
}

@article{portugal2006disentangling,
	title={Disentangling the minimum wage puzzle: an analysis of worker accessions and separations},
	author={Portugal, Pedro and Cardoso, Ana Rute},
	journal={Journal of the European Economic Association},
	volume={4},
	number={5},
	pages={988--1013},
	year={2006},
	publisher={Oxford University Press}
}

@article{powell2017synthetic,
	title={Synthetic Control Estimation Beyond Case Studies: Does the Minimum Wage Reduce Employment?},
	author={Powell, David},
	year={2017},
	publisher={RAND Working Paper Series WR-1142}
}

@article{reich2005living,
	title={Living wage policies at the San Francisco airport: Impacts on workers and business},
	author={Reich, Michael and Hall, Peter and Jacobs, Ken},
	journal={Industrial Relations: A Journal of Economy and Society},
	volume={44},
	number={1},
	pages={106--138},
	year={2005},
	publisher={Wiley Online Library}
}

@article{sabia2015minimum,
	title={Minimum wages, poverty, and material hardship: new evidence from the SIPP},
	author={Sabia, Joseph J and Nielsen, Robert B},
	journal={Review of Economics of the Household},
	volume={13},
	number={1},
	pages={95--134},
	year={2015},
	publisher={Springer}
}

@article{seltzer1997effects,
	title={The effects of the fair labor standards act of 1938 on the southern seamless hosiery and lumber industries},
	author={Seltzer, Andrew J},
	journal={The Journal of Economic History},
	volume={57},
	number={2},
	pages={396--415},
	year={1997},
	publisher={Cambridge University Press}
}

@article{sorkin2015there,
	title={Are there long-run effects of the minimum wage?},
	author={Sorkin, Isaac},
	journal={Review of economic dynamics},
	volume={18},
	number={2},
	pages={306--333},
	year={2015},
	publisher={Elsevier}
}

@article{thompson2009using,
	title={Using local labor market data to re-examine the employment effects of the minimum wage},
	author={Thompson, Jeffrey P},
	journal={ILR Review},
	volume={62},
	number={3},
	pages={343--366},
	year={2009},
	publisher={SAGE Publications Sage CA: Los Angeles, CA}
}

@article{totty2017effect,
	title={The effect of minimum wages on employment: A factor model approach},
	author={Totty, Evan},
	journal={Economic Inquiry},
	volume={55},
	number={4},
	pages={1712--1737},
	year={2017},
	publisher={Wiley Online Library}
}

@article{vaghul2016historical,
  title={Historical state and sub-state minimum wage data},
  author={Vaghul, Kavya and Zipperer, Ben},
  journal={Washington Center for Equitable Growth},
  year={2016}
}
``
@book{wascher2006minimum,
	title={Minimum wages and employment: A review of evidence from the new minimum wage research},
	author={Wascher, William and Neumark, David},
	year={2006},
	publisher={National Bureau of Economic Research}
}

@article{zavodny2000effect,
	title={The effect of the minimum wage on employment and hours},
	author={Zavodny, Madeline},
	journal={Labour Economics},
	volume={7},
	number={6},
	pages={729--750},
	year={2000},
	publisher={Elsevier}
}

@article{zhang2018distributional,
	title={Distributional Effects of Local Minimum Wage Hikes: A Spatial Job Search Approach},
	author={Zhang, Weilong},
	journal={Available at SSRN 3309362},
	year={2018}
}